<record><leader>00000cas a2200000 a 4500</leader><controlfield tag="001">19121708</controlfield><controlfield tag="008">890209d1uuu196utnuwr ne      0    0eng d</controlfield><datafield ind1=" " ind2=" " tag="010"><subfield code="a">sn 89058211 </subfield></datafield><datafield ind1=" " ind2=" " tag="040"><subfield code="a">KNP</subfield><subfield code="b">eng</subfield><subfield code="c">KNP</subfield><subfield code="d">TGN</subfield><subfield code="d">OCL</subfield><subfield code="d">TGN</subfield><subfield code="d">OCLCQ</subfield><subfield code="d">OCLCF</subfield><subfield code="d">OCLCO</subfield></datafield><datafield ind1=" " ind2=" " tag="042"><subfield code="a">msc</subfield></datafield><datafield ind1=" " ind2=" " tag="043"><subfield code="a">n-us-tn</subfield></datafield><datafield ind1="0" ind2="4" tag="245"><subfield code="a">The Newbern Tennessean.</subfield></datafield><datafield ind1="3" ind2="0" tag="246"><subfield code="a">Tennessean</subfield></datafield><datafield ind1=" " ind2=" " tag="260"><subfield code="a">Newbern, Tenn. :</subfield><subfield code="b">Glass Bros.</subfield></datafield><datafield ind1=" " ind2=" " tag="300"><subfield code="a">v. :</subfield><subfield code="b">ill.</subfield></datafield><datafield ind1=" " ind2=" " tag="310"><subfield code="a">Weekly</subfield></datafield><datafield ind1=" " ind2=" " tag="588"><subfield code="a">Description based on: Vol. 38, no. 44 (Jan. 21, 1926).</subfield></datafield><datafield ind1=" " ind2="0" tag="651"><subfield code="a">Newbern (Tenn.)</subfield><subfield code="v">Newspapers.</subfield></datafield><datafield ind1=" " ind2="0" tag="651"><subfield code="a">Dyer County (Tenn.)</subfield><subfield code="v">Newspapers.</subfield></datafield><datafield ind1=" " ind2="7" tag="655"><subfield code="a">Newspapers.</subfield><subfield code="2">fast</subfield><subfield code="0">(OCoLC)fst01423814</subfield></datafield><datafield ind1=" " ind2="7" tag="651"><subfield code="a">Tennessee</subfield><subfield code="z">Dyer County.</subfield><subfield code="2">fast</subfield><subfield code="0">(OCoLC)fst01206794</subfield></datafield><datafield ind1=" " ind2="7" tag="651"><subfield code="a">Tennessee</subfield><subfield code="z">Newbern.</subfield><subfield code="2">fast</subfield><subfield code="0">(OCoLC)fst01206789</subfield></datafield><datafield ind1=" " ind2=" " tag="752"><subfield code="a">United States</subfield><subfield code="b">Tennessee</subfield><subfield code="c">Dyer</subfield><subfield code="d">Newbern.</subfield></datafield><datafield ind1="0" ind2="0" tag="780"><subfield code="t">Tennesseean (Newbern, Tenn.)</subfield><subfield code="w">(DLC)sn 89058209</subfield></datafield><datafield ind1="0" ind2="0" tag="785"><subfield code="t">Tennessean (Newbern, Tenn.)</subfield><subfield code="w">(DLC)sn 98069872</subfield></datafield></record>